@book{dorst07,
	author		= "Leo Dorst and Daniel Fontijne and Stephen Mann",
	title		= "Geometric Algebra For Computer Science",
	year		= "2007",
	publisher	= "Morgan Kaufmann"
}

@article{hestenes91,
	author		= "David Hestenes",
	title 		= "Projective Geometry with Clifford Algebra",
	year		= "1991",
	journal		= "Acta Applicandae Mathematicae"
}

@misc{birchfield98,
	author		= "Stan Birchfield",
	title			= "An Introduction to Projective Geometry (for computer vision)",
	year			= 1998,
	url			= "http://vision.stanford.edu/~birch/projective/"
	howpublished	= {\url{http://vision.stanford.edu/~birch/projective/}}
	% URL won't show up!
}