@article{Parkin12,
	author = "S. Parkin",
	title = "A Model For Quadric Surfaces Using Geometric Algebra",
	journal = "Advances in Applied Clifford Algebras",
	volume = "?",
	year = "2012",
	pages = "?-?"
}

@article{Parkin12_CGA_intro,
	author = "S. Parkin",
	title = "An Introduction To Conformal Geometric Algebra",
	journal = "Not Published",
	volume = "?",
	year = "2012",
	pages = "?-?"
}

@article{LiRockwood,
	author = "L. Hongbo and D. Hestenes and A. Rockwood",
	title = "Generalized Homogeneous Coordinates for Computational Geometry",
	journal = "Geometric Computing with Clifford Algebra",
	volume = "Volume 24., Berlin Heidelberg, Springer-Verlag",
	year = "2001",
	pages = "27-60"
}