@article{DoranHestenes93,
	author = "C. Doran and D. Hestenes",
	title = "Lie groups as spin groups",
	journal = "J. Math. Phys.",
	volume = "34",
	year = "1993",
	pages = "8"
}

@misc{WikipediaQuadricEntry,
	Howpublished={\url{http://en.wikipedia.org/wiki/Quadric}},
	Title={Quadric},
}