
# Cited
@article{Miller87,
	author = "J. Miller",
	title = "Geometric Approaches to Nonplanar Quadric Surface Intersection Curves",
	journal = "ACM Transactions on Graphics",
	volume = "Vol. 6, No. 4",
	date = "October 1987",
	pages = "pp. 274-307"
}

# Cited
@article{Hestenes91,
	author		= "D. Hestenes",
	title		= "The Design of Linear Algebra and Geometry",
	journal		= "Acta Applicandae Mathematicae, Kluwer Academic Publishers",
	volume		= "23",
	pages		= "65-93",
	year		= "1991"
}

# Cited
@article{DoranHestenes93,
	author = "C. Doran and D. Hestenes and F. Sommen and N. Van Acker",
	title = "Lie groups as spin groups",
	journal = "J. Math. Phys.",
	volume = "34",
	year = "1993",
	pages = "8"
}

# Cited
@article{LiRockwood01,
	author		= "L. Hongbo and D. Hestenes and A. Rockwood",
	title		= "Generalized Homogeneous Coordinates for Computational Geometry",
	journal		= "Geometric Computing with Clifford Algebra",
	volume		= "Volume 24., Berlin Heidelberg, Springer-Verlag",
	year		= "2001",
	pages		= "27-60"
}

# Cited
@book{Dorst07,
	author		= "L. Dorst and D. Fontijne and S. Mann",
	title		= "Geometric Algebra For Computer Science",
	year		= "2007",
	publisher	= "Morgan Kaufmann"
}

@book{Pfister95,
	author		= "A. Pfister",
	title		= "Quadratic forms with applications to algebraic geometry and topology",
	year		= "1995",
	publisher	= "Cambridge University Press"
}

@article{Sobczyk12,
	author			= "G. Sobczyk",
	title			= "Conformal Mappings in Geometric Algebra",
	journal			= "AMS Notices",
	volume			= "Volume 59",
	year			= "2012",
	pages			= "264-5",
}

@article{Wang03,
	author			= "W. Wang and R. Goldman and C. Tu",
	title			= "Enhancing {Levin's} method for computing quadric-surface intersections",
	journal			= "Computer Aided Geometric Design",
	volume			= "Volume 20",
	year			= "2003",
	pages			= "401-22",
}

@article{Fontijne10,
	author			= "D. Fontijne and L. Dorst",
	title			= "Efficient Algorithms for Factorization and Join of Blades",
	journal			= "Geometric Algebra Computing",
	volume			= "Springer-Verlag London Limited",
	year			= "2010",
	pages			= "457",
}

@misc{Milne12,
	author			= "J. Milne",
	title			= "Algebraic Geometry (v5.22)",
	year			= "2012",
	note			= "Available at www.jmilne.org/math/",
	pages			= "260",
}

# Cited
@article{Hestenes01,
	author			= "D. Hestenes",
	title			= "Old Wine in New Bottles: A new algebraic framework for computational geometry",
	journal			= "Advances in Geometric Algebra with Applications in Science and Engineering",
	year			= "2001",
	pages			= "1-14",
}

@article{Lasenby05,
	author			= "A. Lasenby",
	title			= "Recent Applications of Conformal Geometric Algebra",
	journal			= "IWMM 2004, LNCS 3519 Springer-Verlag",
	year			= "2005",
}

@article{Wareham05,
	author			= "R. Wareham and J. Cameron and J. Lasenby",
	title			= "Applications of Conformal Geometric Algebra in Computer Vision and Graphics",
	journal			= "IWMM 2004, LNCS 3519, pp. 329-349, 2005.  Springer-Verlag",
	year			= "2005",
}

@book{Li08,
	author			= "L. Hongbo",
	title			= "Invariant Algebras and Geometric Reasoning",
	year			= "2008",
	publisher		= "World Scientific Publishing",
}

@article{Morales07,
	author			= "L. Falc\'on-Morales",
	title			= "Design of Algorithms of Robot Vision Using Conformal Geometric Algebra",
	year			= "2007",
	publisher		= "International Mathematical Forum, 2",
	volume			= "no. 20",
	pages			= "981-1005",
}