@article{Parkin13,
	author			= "S. Parkin",
	title			= "The Mother Minkowski Algebra Of Order $M$",
	journal			= "Advances in Applied Clifford Algebras",
	year			= "2013",
	publisher		= "Springer",
}

@article{Hestenes01,
	author			= "D. Hestenes",
	title			= "Old Wine in New Bottles: A new algebraic framework for computational geometry",
	journal			= "Advances in Geometric Algebra with Applications in Science and Engineering",
	year			= "2001",
	pages			= "1-14",
}

@article{Weisstein13,
	author			= "E. W. Weisstein",
	title			= "Taylor Series",
	journal			= "From MathWorld--A Wolfram Web Resource.",
	url				= "http://mathworld.wolframe.com/TaylorSeries.html",
}