@article{Parkin13,
	author			= "S. Parkin",
	title			= "The Mother Minkowski Algebra Of Order $M$",
	journal			= "Advances in Applied Clifford Algebras",
	year			= "2013",
	publisher		= "Springer",
}

@article{Hestenes01,
	author			= "D. Hestenes",
	title			= "Old Wine in New Bottles: A new algebraic framework for computational geometry",
	journal			= "Advances in Geometric Algebra with Applications in Science and Engineering",
	year			= "2001",
	pages			= "1-14",
}

@misc{Weisstein13,
	author			= "E. W. Weisstein",
	title			= "Taylor Series",
	note			= "From MathWorld--A Wolfram Web Resource.",
	year			= "2013",
	url				= "http://mathworld.wolframe.com/TaylorSeries.html",
	howpublished	= "\url{http://mathworld.wolframe.com/TaylorSeries.html}",
}

% Newsletter, not article
@article{Hanrahan83,
	author			= "P. Hanrahan",
	title			= "Ray tracing algebraic surfaces",
	journal			= "ACM SIGGRAPH Computer Graphics",
	volume			= "Volume 17 Issue 3",
	pages			= "83-90",
}

@article{Hestenes93,
	author			= "D. Hestenes",
	title			= "Differential Forms in Geometric Calculus",
	journal			= "Clifford Algebras and their Applications in Mathematical Physics",
	year			= "1993",
	pages			= "269-385"
}

@book{Macdonald12,
	author			= "A. Macdonald",
	title			= "Vector and Geometric Calculus",
	publisher		= "CreateSpace Independent Publishing Platform",
	year			= "2012",
}

@article{Shou06,
	author			= "H. Shou, W. Song, J. Shen, R. Martin",
	title			= "A Recursive Taylor Method for Ray-Casting Algebraic Surfaces",
	journal			= "CGVR",
	year			= "2006",
	pages			= "196-204",
}

@book{Gallian12,
	author			= "J. Gallian",
	title			= "Contemporary Abstract Algebra",
	publisher		= "Cengage Learning",
	year			= "2012",
}