@article{Parkin13a,
	author		= "S. Parkin",
	title		= "A Model For Quadric Surfaces Using Geometric Algebra",
	journal		= "Advances in Applied Clifford Algebras",
	volume		= "?",
	year		= "2013",
	pages		= "?-?"
}

@article{Parkin13b,
	author		= "S. Parkin",
	title		= "A Variation Of The Quadric Model Of Geometric Algebra",
	journal		= "Advances in Applied Clifford Algebras",
	volume		= "?",
	year		= "2013",
	pages		= "?-?"
}