@article{Hestenese1993,
  author = "Hestenese, David",
  year = "1993",
  title = "Hamiltonian Mechanics with Geometric Calculus",
  journal = "Journal?",
}