@article{DoranHestenes93,
	author = "C. Doran and D. Hestenes and F. Sommen and N. Van Acker",
	title = "Lie groups as spin groups",
	journal = "J. Math. Phys.",
	volume = "34",
	year = "1993",
	pages = "8"
}

@article{ZhiqiangXu05,
	author = "Z. Xu and X. Wang and X. Chen and J. Sun",
	title = "A Robust Algorithm for Finding the Real Intersections of Three Quadric Surfaces",
	journal = "Computer Aided Geometric Design",
	volume = "22, Issue 6, 1",
	year = "2005",
	pages = "515-530"
}

@article{Miller87,
	author = "J. Miller",
	title = "Geometric Approaches to Nonplanar Quadric Surface Intersection Curves",
	journal = "ACM Transactions on Graphics",
	volume = "Vol. 6, No. 4",
	date = "October 1987",
	pages = "pp. 274-307"
}

@misc{Birchfield98,
	author = "S. Birchfield",
	title = "An Introduction to Projective Geometry",
	howpublished = "\url{http://vision.stanford.edu/~birch/projective/projective.pdf}",
	date = "April 23, 1998",
}

@misc{MehlhornYap04,
	author = "K. Mehlhorn and C. Yap",
	title = "Robust Geometric Computation (tentative title)",
	howpublished = "\url{http://cs.nyu.edu/yap/bks/egc/09/21Surfaces.pdf}",
	year = "2004",
}

@article{Levin76,
	author = "J. Levin",
	title = "A parametric algorithm for drawing pictures of solid objects composed of quadric surfaces",
	journal = "Commun. ACM",
	volume = "19, 10",
	date = "October 1976",
}

@article{WangGoldmanTu03,
	author = "W. Wang and R. Goldman and C. Tu",
	title = "Enhancing Levin's method for computing quadric-surface intersections",
	journal = "Computer Aided Geometric Design",
	volume = "20",
	pages = "401-422",
	year = "2003",
}