@article{hestenes91,
	author		= "David Hestenes",
	title 		= "The Design of Linear Algebra and Geometry",
	year		= "1991",
	journal		= "Acta Applicandae Mathematicae"
}

@misc{macdonald12,
	author		= "Alan Macdonald",
	title		= "A Survey of Geometric Algebra and Geometric Calculus",
	year		= "2012",
	url			= "http://faculty.luther.edu/~macdonal/GA&GC.pdf"
}

@book{hestenes85,
	author		= "D. Hestenes and G. Sobczyk",
	title		= "Clifford Algebra to Geometric Calculus",
	year		= "1985",
	publisher	= "D. Reidel, Dordrecht"
}