@article{Hestenes01,
	author			= "D. Hestenes",
	title			= "Old Wine in New Bottles: A new algebraic framework for computational geometry",
	journal			= "Advances in Geometric Algebra with Applications in Science and Engineering",
	year			= "2001",
	pages			= "1-14",
}

@article{LiRockwood01,
	author		= "L. Hongbo and D. Hestenes and A. Rockwood",
	title		= "Generalized Homogeneous Coordinates for Computational Geometry",
	journal		= "Geometric Computing with Clifford Algebra",
	volume		= "Volume 24., Berlin Heidelberg, Springer-Verlag",
	year		= "2001",
	pages		= "27-60"
}

@book{Dorst07,
	author		= "L. Dorst and D. Fontijne and S. Mann",
	title		= "Geometric Algebra For Computer Science",
	year		= "2007",
	publisher	= "Morgan Kaufmann"
}

@article{DoranHestenes93,
	author = "C. Doran and D. Hestenes and F. Sommen and N. Van Acker",
	title = "Lie groups as spin groups",
	journal = "J. Math. Phys.",
	volume = "34",
	year = "1993",
	pages = "8"
}

@article{Sobczyk12,
	author			= "G. Sobczyk",
	title			= "Conformal Mappings in Geometric Algebra",
	journal			= "AMS Notices",
	volume			= "Volume 59",
	year			= "2012",
	pages			= "264-5",
}

@article{Lasenby05,
	author			= "A. Lasenby",
	title			= "Recent Applications of Conformal Geometric Algebra",
	journal			= "IWMM 2004, LNCS 3519 Springer-Verlag",
	year			= "2005",
}

@misc{Milne12,
	author			= "J. Milne",
	title			= "Algebraic Geometry (v5.22)",
	year			= "2012",
	note			= "Available at www.jmilne.org/math/",
	pages			= "260",
}
